% vim: ts=4 sts=4 sw=4 et tw=78 fo=toqlm ft=bib
@book{expect,
    author={Don Libes},
    title={Exploring Expect},
    subtitle={A Tcl-based Toolkit for Automating Interactive Programs},
    year={2010},
    publisher={O'Reilly Media},
    pages={608}
}

@article{qxtl,
    title={情绪推理:一种独立于理性推理的推理形式},
    author={施贵菊 and 杜尚荣},
    journal={贵州师范大学学报(自然版)},
    volume={33},
    number={4},
    pages={47-54},
    year={2015},
}

@online{fontenc-vs-inputenc,
    author={none},
    title={fontenc vs inputenfontenc vs inputenc},
    url={https://tex.stackexchange.com/questions/44694/fontenc-vs-inputenc}
}

@online{verb_text,
    title={when should one use verb and when texttt},
    url={https://tex.stackexchange.com/questions/2790/when-should-one-use-verb-and-when-texttt}
}

@online{hbox,
    title={overfull hbox problem},
    url={https://tex.stackexchange.com/questions/10372/in-line-verb-overfull-hbox-problem/10373#10373}
}

@online{float_question,
    title={float question},
    url={https://tex.stackexchange.com/questions/39017/how-to-influence-the-position-of-float-environments-like-figure-and-table-in-lat/#39020}
}

@online{number_question,
    title={numbers and programming code},
    url={https://tex.stackexchange.com/questions/45573/numbers-and-programming-code}
}

@online{fboxsep,
    title={different definitions of fboxsep in different parts of the code},
    url={https://tex.stackexchange.com/questions/342678/different-definitions-of-fboxsep-in-different-parts-of-the-code}
}

@online{cls_sty,
    title={.cls和.sty文件的作用和区别},
    url={http://blog.csdn.net/golden1314521/article/details/39252875}
}

@online{use_cls,
    title={LaTeX手动安装宏包（package）以及生成帮助文档的整套流程},
    url={http://www.cnblogs.com/csucat/p/5142459.html}
}

@online{install_package,
    title={How can I manually install a LaTeX package (Debian/Ubuntu Linux)?},
    url={https://tex.stackexchange.com/questions/38978/how-can-i-manually-install-a-latex-package-debian-ubuntu-linux}
}

@online{xeCJK_minitemplate,
    title={使用xeCJK解决中文问题的最小模板},
    url={http://seisman.info/mini-template-for-xeCJK.html}
}

@online{what_class,
    title={What are the available documentclass” types and their uses?},
    url={https://tex.stackexchange.com/questions/782/what-are-the-available-documentclass-types-and-their-uses}
}

@online{writing_thesis,
    title={Tips on Writing a Thesis in LaTeX},
    url={http://www.khirevich.com/latex/bibliography/#Citation_style}
}

@online{search_sync,
    title={How to setup synctex with vim, pdflatex and an open-source PDF-viewer under Linux?},
    url={https://tex.stackexchange.com/questions/2941/how-to-setup-synctex-with-vim-pdflatex-and-an-open-source-pdf-viewer-under-linu/2947#2947}
}

@online{biblatex_error,
    title={Question mark or bold citation key instead of citation number},
    url={https://tex.stackexchange.com/questions/63852/question-mark-or-bold-citation-key-instead-of-citation-number/63875#63875}
}

@online{after_install_ubuntu,
    title={安装Ubuntu 15.04后要做的几件事情},
    url={http://www.linuxidc.com/Linux/2016-01/127347.htm}
}

@online{vim_cs,
    title={vim enable client server},
    url={http://vim.wikia.com/wiki/Enable_servername_capability_in_vim/xterm}
}

@online{font_warning1,
    title={怎么定位font warning的位置},
    url={https://www.zhihu.com/question/27642212}
}

@online{font_warning2,
    title={How to remove the warnings “Font shape `OT1/cmss/m/n' in size <4> not available” and “Size substitutions with differences” in beamer?},
    url={https://tex.stackexchange.com/questions/58087/how-to-remove-the-warnings-font-shape-ot1-cmss-m-n-in-size-4-not-available}
}

@online{newenvrioment_comand,
    title={Why can't the end code of an environment contain an argument?},
    url={https://tex.stackexchange.com/questions/17036/why-cant-the-end-code-of-an-environment-contain-an-argument}
}

@online{emergency1,
    title={How can I make LaTeX break the word at the end of line more beautiful?},
    url={https://tex.stackexchange.com/questions/334367/how-can-i-make-latex-break-the-word-at-the-end-of-line-more-beautiful/334371#334371}
}

@online{breakline,
    title={What is the meaning of fussy, sloppy, emergencystretch,tolerance, hbadness?},
    url={https://tex.stackexchange.com/questions/241343/what-is-the-meaning-of-fussy-sloppy-emergencystretch-tolerance-hbadness}
}

@online{install_imagemagic,
    title={Install ImageMagick (Image Editor Converter) On Ubuntu 16.04},
    url={http://sourcedigit.com/19826-install-imagemagick-image-editor-converter-ubuntu-16-04/}
}

@online{bezier_cur,
    title={贝塞尔曲线扫盲},
    url={http://www.html-js.com/article/1628l}
}

@online{let_vs_def,
    title={let vs def question},
    url={https://tex.stackexchange.com/questions/258/what-is-the-difference-between-let-and-def}
}

@online{center_hss,
    title={centerline ignores page margin},
    url={https://tex.stackexchange.com/questions/311293/centerline-ignores-page-margin/311294#311294}
}

@online{fil_fill,
    title={What is the difference between `fil' and `fill'},
    url={https://tex.stackexchange.com/questions/21022/what-is-the-difference-between-fil-and-fill}
}

@book{boxes_glue,
    author={Nelson H. F. Beebe},
    title={Using boxes and glue in {\TeX} and {\LaTeX}},
    year={28 March 2009},
    publisher={University of Utah Department of Mathematics}
}

@online{windows_manager,
    title={windows manager},
    url={https://en.wikipedia.org/wiki/Window_manager}
}

@online{xdotool_windows,
    title={Xdotool Window},
    url={https://www.linux.org/threads/xdotool-window.10606/}
}

@online{xmonad_1,
    author={阮一峰},
    title={窗口管理器 xmonad 教程},
    url={http://www.ruanyifeng.com/blog/2017/07/xmonad.html}
}

@misc{precompile-tikz,
	title = {{Precompiled preamble with TikZ/Externalize}},
	year = {2018},
	month = {Apr},
	note = {[Online; accessed 29. Apr. 2018]},
	url = {https://tex.stackexchange.com/questions/16734/precompiled-preamble-with-tikz-externalize/246775?utm_medium=organic&utm_source=google_rich_qa&utm_campaign=google_rich_qa}
}

@misc{precompile-preamble,
	title = {{Faster LaTeX part IV: Use a precompiled preamble}},
	journal = {howtoTeX.com - Your LaTeX resource site},
	year = {2018},
	month = {Apr},
	note = {[Online; accessed 29. Apr. 2018]},
	url = {https://web.archive.org/web/20160712215709/http://www.howtotex.com:80/tips-tricks/faster-latex-part-iv-use-a-precompiled-preamble},
	keywords = {latex, tex, faster, speed, compilation, preamble, mylatexformat, precompiled preamble, format, faster latex, tips {\&} tricks}
} 

@misc{precompile-pdflatex,
	title = {{How to speed up pdflatex for a very large document on MacOS X?}},
	year = {2018},
	month = {Apr},
	note = {[Online; accessed 29. Apr. 2018]},
	url = {https://tex.stackexchange.com/questions/15604/how-to-speed-up-pdflatex-for-a-very-large-document-on-macos-x}
}

@book{milner1999communicating,
  title={Communicating and mobile systems: the pi calculus},
  author={Milner, Robin},
  year={1999},
  publisher={Cambridge university press}
}

@book{harper2016practical,
  title={Practical foundations for programming languages},
  author={Harper, Robert},
  year={2016},
  publisher={Cambridge University Press}
}

@book{smullyan2000mock,
  title={To Mock a Mockingbird: and other logic puzzles including an amazing adventure in combinatory logic},
  author={Smullyan, Raymond M},
  year={2000},
  publisher={Oxford University Press, USA}
}

@article{wadler2015propositions,
  title={Propositions as types},
  author={Wadler, Philip},
  journal={Communications of the ACM},
  volume={58},
  number={12},
  pages={75--84},
  year={2015},
  publisher={ACM}
}

@book{milner1997definition,
  title={The definition of standard ML: revised},
  author={Milner, Robin and Tofte, Mads and Harper, Robert and MacQueen, David},
  year={1997},
  publisher={MIT press}
}

@book{nederpelt2014type,
  title={Type theory and formal proof: an introduction},
  author={Nederpelt, Rob and Geuvers, Herman},
  year={2014},
  publisher={Cambridge University Press}
}

@book{harrison2009handbook,
  title={Handbook of practical logic and automated reasoning},
  author={Harrison, John},
  year={2009},
  publisher={Cambridge University Press}
}

@techreport{reppy1989first,
  title={First-class synchronous operations in Standard ML},
  author={Reppy, John H},
  year={1989},
  institution={Cornell University}
}

@inproceedings{appel1991standard,
  title={Standard ML of new jersey},
  author={Appel, Andrew W and MacQueen, David B},
  booktitle={International Symposium on Programming Language Implementation and Logic Programming},
  pages={1--13},
  year={1991},
  organization={Springer}
}

@book{hansen1999introduction,
  title={Introduction to Programming using SML},
  author={Hansen, Michael R and Rischel, Hans},
  year={1999},
  publisher={Addison-Wesley Longman Publishing Co., Inc.}
}

@article{martin1996meanings,
  title={On the meanings of the logical constants and the justifications of the logical laws},
  author={Martin-L{\"o}f, Per},
  journal={Nordic journal of philosophical logic},
  volume={1},
  number={1},
  pages={11--60},
  year={1996}
}

@book{martin1984intuitionistic,
  title={Intuitionistic type theory},
  author={Martin-L{\"o}f, Per and Sambin, Giovanni},
  volume={9},
  year={1984},
  publisher={Bibliopolis Naples}
}

@InProceedings{martinlof1971hauptsatz,
  Title     = {Hauptsatz for the intuitionistic theory of iterated
                  inductive definitions},
  Author    = {Martin-L{\"o}f, Per},
  Booktitle = {Proceedings of the 2nd Scandinavian logic symposium},
  Year      = 1971,
  Editor    = {Fenstad, Jan Erik},
  Publisher = {North-Holland},
	Series    = {Studies in Logic and the Foundations of Mathematics},
	Volume    = {63},
  Pages     = {179 -- 216},
}

@incollection{Martin-Lof-1972,
	Author = {Martin-L{\"o}f, Per},
	Booktitle = {Twenty-five years of constructive type theory ({V}enice, 1995)},
	Mrclass = {03B15 (03F55)},
	Mrnumber = 1686864,
	Pages = {127--172},
	Publisher = {Oxford University Press},
        Editor = {Giovanni Sambin and Jan M. Smith},
	Series = {Oxford Logic Guides},
	Title = {An intuitionistic theory of types},
	Volume = 36,
	Year = 1998}

@incollection{Martin-Lof-1973,
	Author = {Martin-L{\"o}f, Per},
	Booktitle = {Logic Colloquium '73, Proceedings of the Logic Colloquium},
	Editor = {H.E. Rose and J.C. Shepherdson},
	Mrclass = {02C15 (02D99)},
	Mrnumber = {0387009 (52 \#7856)},
	Mrreviewer = {Horst Luckhardt},
	Pages = {73--118},
	Publisher = {North-Holland},
	Series = {Studies in Logic and the Foundations of Mathematics},
	Title = {An intuitionistic theory of types: predicative part},
	Volume = 80,
	Year = 1975}


@TechReport{hml75,
  author = 	 {Hancock, Peter and Martin-L\"{o}f, Per},
  title = 	 {Syntax and semantics of the language of primitive
                  recursive functions},
  institution =  {University of Stockholm},
  year = 	 1975,
  number = 	 3,
  address = 	 {Stockholm, Sweden}
}

@incollection{Martin-Lof-1979,
	Author = {Martin-L{\"o}f, Per},
	Booktitle = {Logic, Methodology and Philosophy of Science VI, Proceedings of the Sixth International Congress of Logic, Methodology and Philosophy of Science, Hannover 1979},
        Editor = {L. Jonathan Cohen and Jerzy {Łoś} and Helmut Pfeiffer and Klaus-Peter Podewski},
	Doi = {10.1016/S0049-237X(09)70189-2},
	Mrclass = {03F50 (03B70 03F55 68Q45)},
	Mrnumber = {682410 (85d:03112)},
	Mrreviewer = {B. H. Mayoh},
	Pages = {153--175},
	Publisher = {North-Holland},
	Series = {Studies in Logic and the Foundations of Mathematics},
	Title = {Constructive mathematics and computer programming},
	Url = {http://dx.doi.org/10.1016/S0049-237X(09)70189-2},
	Volume = 104,
	Year = 1982}


@article{martin2006100,
	Author = {Martin-L{\"o}f, Per},
	Journal = {The Computer Journal},
	Number = {3},
	Pages = {345--350},
	Publisher = {BCS},
	Title = {100 years of {Z}ermelo's axiom of choice: what was the problem with it?},
	Volume = {49},
	Year = {2006}}


@book{davis2011universal,
  title={The universal computer: The road from Leibniz to Turing},
  author={Davis, Martin},
  year={2011},
  publisher={AK Peters/CRC Press}
}

@article{blanqui2013introduction,
  title={Introduction to the OCaml programming language},
  author={Blanqui, Fr{\'e}d{\'e}ric},
  journal={Lecture notes available on https://who. rocq. inria. fr/Frederic. Blanqui},
  year={2013}
}

@book{primiero2007information,
  title={Information and knowledge: a constructive type-theoretical approach},
  author={Primiero, Giuseppe},
  volume={10},
  year={2007},
  publisher={Springer Science \& Business Media}
}

@book{friedman2001essentials,
  title={Essentials of programming languages},
  author={Friedman, Daniel P and Wand, Mitchell and Haynes, Christopher Thomas},
  year={2001},
  publisher={MIT press}
}

@misc{chlipala2011certified,
  title={Certified programming with dependent types},
  author={Chlipala, Adam},
  year={2011},
  publisher={MIT Press New York}
}

@book{pierce2005advanced,
  title={Advanced topics in types and programming languages},
  author={Pierce, Benjamin C},
  year={2005},
  publisher={MIT press}
}


@book{milewski2017category,
  title={Category theory for programmers},
  author={Milewski, Bartosz},
  year={2017},
  publisher={Bartosz Milewski}
}

@book{bertot2013interactive,
  title={Interactive theorem proving and program development: Coq’Art: the calculus of inductive constructions},
  author={Bertot, Yves and Cast{\'e}ran, Pierre},
  year={2013},
  publisher={Springer Science \& Business Media}
}

@book{epp2010discrete,
  title={Discrete mathematics with applications},
  author={Epp, Susanna S},
  year={2010},
  publisher={Cengage learning}
}

@book{dijkstra1976discipline,
  title={A discipline of programming},
  author={Dijkstra, Edsger Wybe and Dijkstra, Edsger Wybe and Dijkstra, Edsger Wybe and Informaticien, Etats-Unis and Dijkstra, Edsger Wybe},
  volume={1},
  year={1976},
  publisher={prentice-hall Englewood Cliffs}
}

@book{DijkstraCalculus,
   title =     {Predicate Calculus and Program Semantics},
   author =    {Edsger W. Dijkstra, Carel S. Scholten},
   publisher = {Springer},
   isbn =      {978-1-4612-7924-2,978-1-4612-3228-5},
   year =      {1990},
   series =    {Texts and Monographs in Computer Science},
   edition =   {},
   volume =    {}
}

@book{book:143910,
   title =     {Sets, logic and maths for computing},
   author =    {David Makinson (auth.)},
   publisher = {Springer London},
   year =      {2008},
   series =    {Undergraduate topics in computer science},
   edition =   {1st Edition.},
   volume =    {}
}

@book{book:731755,
   title =     {A Beginner's Guide to Discrete Mathematics},
   author =    {W.D. Wallis (auth.)},
   publisher = {Birkhäuser Basel},
   isbn =      {0817682856,9780817682859},
   year =      {2012},
   series =    {},
   edition =   {2},
   volume =    {}
}

@book{book:2223153,
   title =     {Blockchain: Ultimate guide to understanding blockchain, bitcoin, cryptocurrencies, smart contracts and the future of money.},
   author =    {Mark Gates},
   publisher = {CreateSpace Independent Publishing Platform},
   isbn =      {1547090685,9781547090686},
   year =      {2017}
}

@book{book:402083,
   title =     {Predicate Transformer Semantics},
   author =    {Ernest G. Manes},
   publisher = {Cambridge University Press},
   isbn =      {0521420369},
   year =      {2004},
   series =    {Cambridge Tracts in Theoretical Computer Science 33},
   edition =   {},
   volume =    {}
}

@book{book:1406,
   title =     {Introduction to Lambda calculus},
   author =    {Barendregt H., Barendsen E.},
   publisher = {},
   isbn =      {},
   year =      {2000},
   series =    {},
   edition =   {free web version},
   volume =    {}
   }

@article{Backus:1978,
 author = {Backus, John},
 title = {Can Programming Be Liberated from the Von Neumann Style?: A Functional Style and Its Algebra of Programs},
 journal = {Commun. ACM},
 volume = {21},
 number = {8},
 month = aug,
 year = {1978},
 issn = {0001-0782},
 pages = {613--641},
 publisher = {ACM},
 address = {New York, NY, USA}
}

@article{Cardone2008HistoryOL,
  title={History of Lambda-calculus and Combinatory Logic},
  author={Felice Cardone and J. Roger Hindley},
  year={2008}
  }

@book{thompson1991type,
  title={Type theory and functional programming},
  author={Thompson, Simon},
  year={1991},
  publisher={Addison Wesley}
}

@book{mitchell2003concepts,
  title={Concepts in programming languages},
  author={Mitchell, John C and John, C and Apt, Krzysztof},
  year={2003},
  publisher={Cambridge University Press}
}

@book{winskel1993formal,
  title={The formal semantics of programming languages: an introduction},
  author={Winskel, Glynn},
  year={1993},
  publisher={MIT press}
}

@book{fitting2012first,
  title={First-order logic and automated theorem proving},
  author={Fitting, Melvin},
  year={2012},
  publisher={Springer Science \& Business Media}
}

@book{gensler2017introduction,
  title={Introduction to logic},
  author={Gensler, Harry J},
  year={2017},
  publisher={Routledge}
}

@book{borger2012abstract,
  title={Abstract state machines: a method for high-level system design and analysis},
  author={B{\"o}rger, Egon and St{\"a}rk, Robert},
  year={2012},
  publisher={Springer Science \& Business Media}
}

@book{michaelson2011introduction,
  title={An introduction to functional programming through lambda calculus},
  author={Michaelson, Greg},
  year={2011},
  publisher={Courier Corporation}
}

@book{goldrei2005propositional,
  title={Propositional and Predicate Calculus},
  author={Goldrei, Derek},
  year={2005},
  publisher={Springer}
}

@book{maclennan1990functional,
  title={Functional programming: practice and theory},
  author={MacLennan, Bruce J},
  year={1990},
  publisher={Addison-Wesley Longman Publishing Co., Inc.}
}

@misc{nakamoto2008bitcoin,
    keywords={general},
    title={Bitcoin: A peer-to-peer electronic cash system},
    author={Nakamoto, Satoshi},
    year={2008}
}

@article{bonneau2015sok,
    keywords={general},
    title={Sok: Research perspectives and challenges for bitcoin and cryptocurrencies},
    author={Bonneau, Joseph and Miller, Andrew and Clark, Jeremy and Narayanan, Arvind and Kroll, Joshua A and Felten, Edward W},
    booktitle={Security and Privacy (SP), 2015 IEEE Symposium on},
    pages={104--121},
    year={2015},
    organization={IEEE}
}

@online{bitcoinexplaination,
    keywords={online},
    author={金晓},
    title={比特币白皮书注解},
    date={2017},
    url={https://zhuanlan.zhihu.com/p/25039679}
}

@inproceedings{kalra2018zeus,
    title={ZEUS: Analyzing Safety of Smart Contracts},
    author={Kalra, Sukrit and Goel, Seep and Dhawan, Mohan and Sharma, Subodh},
    year={2016},
    organization={NDSS}
}

@article{horn1951sentences,
  title={On sentences which are true of direct unions of algebras},
  author={Horn, Alfred},
  journal={The Journal of Symbolic Logic},
  volume={16},
  number={1},
  pages={14--21},
  year={1951},
  publisher={Cambridge University Press}
}

@online{smartcontractintro,
    author={未知},
    title={智能合约},
    url={https://github.com/EthFans/wiki/wiki/智能合约}
}

@online{genechain,
    author={science},
    title={George Church and company on genomic sequencing, blockchain, and better drugs},
    url={http://www.sciencemag.org/news/}
}

@inproceedings{ali2016blockstack,
  title={Blockstack: A Global Naming and Storage System Secured by Blockchains.},
  author={Ali, Muneeb and Nelson, Jude C and Shea, Ryan and Freedman, Michael J},
  booktitle={USENIX Annual Technical Conference},
  pages={181--194},
  year={2016}
}

@online{zoo,
    author={author},
    title={Names: Distributed, Secure, Human-Readable: Choose Two},
    date={2001},
    url={https://web.archive.org/web/20011020191610/http://zooko.com/distnames.html}
}

@inproceedings{kalodner2015empirical,
  title={An Empirical Study of Namecoin and Lessons for Decentralized Namespace Design.},
  author={Kalodner, Harry A and Carlsten, Miles and Ellenbogen, Paul and Bonneau, Joseph and Narayanan, Arvind},
  booktitle={WEIS},
  year={2015}
}

@online{BibEntry2018Apr,
    title = {{The XRP Ledger Consensus Process {$\vert$} Ripple}},
    journal = {Ripple},
    year = {2015},
    month = {Apr},
    note = {[Online; accessed 4. Apr. 2015]},
    url = {https://ripple.com/build/xrp-ledger-consensus-process}
}

@inproceedings{castro1999practical,
  title={Practical Byzantine fault tolerance},
  author={Castro, Miguel and Liskov, Barbara and others},
  booktitle={OSDI},
  volume={99},
  pages={173--186},
  year={1999}
}

@article{schneider1984byzantine,
  title={Byzantine generals in action: Implementing fail-stop processors},
  author={Schneider, Fred B},
  journal={ACM Transactions on Computer Systems (TOCS)},
  volume={2},
  number={2},
  pages={145--154},
  year={1984},
  publisher={ACM}
}

@inproceedings{wadler1990linear,
  title={Linear types can change the world},
  author={Wadler, Philip},
  booktitle={IFIP TC},
  volume={2},
  pages={347--359},
  year={1990},
  organization={Citeseer}
}

@inproceedings{idelberger2016evaluation,
  title={Evaluation of logic-based smart contracts for blockchain systems},
  author={Idelberger, Florian and Governatori, Guido and Riveret, R{\'e}gis and Sartor, Giovanni},
  booktitle={International Symposium on Rules and Rule Markup Languages for the Semantic Web},
  pages={167--183},
  year={2016},
  organization={Springer}
}

@inproceedings{pirlea2018mechanising,
  title={Mechanising blockchain consensus},
  author={P{\^\i}rlea, George and Sergey, Ilya},
  booktitle={Proceedings of the 7th ACM SIGPLAN International Conference on Certified Programs and Proofs},
  pages={78--90},
  year={2016},
  organization={ACM}
}

@inproceedings{crary2015peer,
  title={Peer-to-peer affine commitment using Bitcoin},
  author={Crary, Karl and Sullivan, Michael J},
  booktitle={ACM SIGPLAN Notices},
  volume={50},
  number={6},
  pages={479--488},
  year={2015},
  organization={ACM}
}


@article{moggi1991notions,
  title={Notions of computation and monads},
  author={Moggi, Eugenio},
  journal={Information and computation},
  volume={93},
  number={1},
  pages={55--92},
  year={1991},
  publisher={Elsevier}
}

@inproceedings{moggi1989computational,
  title={Computational lambda-calculus and monads},
  author={Moggi, Eugenio},
  booktitle={[1989] Proceedings. Fourth Annual Symposium on Logic in Computer Science},
  pages={14--23},
  year={1989},
  organization={IEEE}
}

@inproceedings{wadler1995monads,
  title={Monads for functional programming},
  author={Wadler, Philip},
  booktitle={International School on Advanced Functional Programming},
  pages={24--52},
  year={1995},
  organization={Springer}
}

@inproceedings{tamassia2003authenticated,
  title={Authenticated data structures},
  author={Tamassia, Roberto},
  booktitle={European symposium on algorithms},
  pages={2--5},
  year={2003},
  organization={Springer}
}

@article{miller2014authenticated,
  title={Authenticated data structures, generically},
  author={Miller, Andrew and Hicks, Michael and Katz, Jonathan and Shi, Elaine},
  journal={ACM SIGPLAN Notices},
  volume={49},
  number={1},
  pages={411--423},
  year={2014},
  publisher={ACM}
}

@article{lack2002formal,
  title={The formal theory of monads II},
  author={Lack, Stephen and Street, Ross},
  journal={Journal of pure and applied algebra},
  volume={175},
  number={1-3},
  pages={243--265},
  year={2002},
  publisher={Elsevier}
}

@article{pirog2016eilenberg,
  title={Eilenberg--Moore Monoids and Backtracking Monad Transformers},
  author={Pir{\'o}g, Maciej},
  journal={arXiv preprint arXiv:1604.01184},
  year={2016}
}

@inproceedings{kiselyov2015freer,
  title={Freer monads, more extensible effects},
  author={Kiselyov, Oleg and Ishii, Hiromi},
  booktitle={ACM SIGPLAN Notices},
  volume={50},
  number={12},
  pages={94--105},
  year={2015},
  organization={ACM}
}

@inproceedings{altenkirch2010monads,
  title={Monads need not be endofunctors},
  author={Altenkirch, Thorsten and Chapman, James and Uustalu, Tarmo},
  booktitle={International Conference on Foundations of Software Science and Computational Structures},
  pages={297--311},
  year={2010},
  organization={Springer}
}


@book{pierce2002types,
  title={Types and programming languages},
  author={Pierce, Benjamin C and Benjamin, C},
  year={2002},
  publisher={MIT press}
}

@article{wadler2003girard,
  title={The girard--reynolds isomorphism},
  author={Wadler, Philip},
  journal={Information and Computation},
  volume={186},
  number={2},
  pages={260--284},
  year={2003},
  publisher={Elsevier}
}

@article{girard1986system,
  title={The system F of variable types, fifteen years later},
  author={Girard, Jean-Yves},
  journal={Theoretical computer science},
  volume={45},
  pages={159--192},
  year={1986},
  publisher={Elsevier}
}

@book{simmons2011introduction,
  title={An introduction to category theory},
  author={Simmons, Harold},
  year={2011},
  publisher={Cambridge University Press}
}

@article{guallart2015overview,
  title={An overview of type theories},
  author={Guallart, Nino},
  journal={Axiomathes},
  volume={25},
  number={1},
  pages={61--77},
  year={2015},
  publisher={Springer}
}

@misc{campagna2019public,
  title={Public key rollup for merkle tree signature scheme},
  author={Campagna, Matthew John and Brandwine, Eric Jason and Driggs, Andrew Kyle},
  year={2019},
  month=mar # "~12",
  publisher={Google Patents},
  note={US Patent 10,230,525}
}

% 经常重复
@inproceedings{merkle1980protocols,
  title={Protocols for public key cryptosystems},
  author={Merkle, Ralph C},
  booktitle={1980 IEEE Symposium on Security and Privacy},
  pages={122--122},
  year={1980},
  organization={IEEE}
}

@article{sulzmann1999hindley,
  title={Hindley/Milner style type systems in constraint form},
  author={Sulzmann, Martin and M{\"u}ller, Martin and Zenger, Christoph},
  journal={Res. Rep. ACRC-99-009, University of South Australia, School of Computer and Information Science},
  year={1999}
}

@article{petricek2018we,
  title={What we talk about when we talk about monads},
  author={Petricek, Tomas},
  journal={arXiv preprint arXiv:1803.10195},
  year={2018}
}

@book{fong2019invitation,
  title={An Invitation to Applied Category Theory: Seven Sketches in Compositionality},
  author={Fong, Brendan and Spivak, David I},
  year={2019},
  publisher={Cambridge University Press}
}

@inproceedings{xi2003guarded,
  title={Guarded recursive datatype constructors},
  author={Xi, Hongwei and Chen, Chiyan and Chen, Gang},
  booktitle={ACM SIGPLAN Notices},
  volume={38},
  number={1},
  pages={224--235},
  year={2003},
  organization={ACM}
}

@techreport{cheney2003first,
  title={First-class phantom types},
  author={Cheney, James and Hinze, Ralf},
  year={2003},
  institution={Cornell University}
}

@article{simonet2007constraint,
  title={A constraint-based approach to guarded algebraic data types},
  author={Simonet, Vincent and Pottier, Fran{\c{c}}ois},
  journal={ACM Transactions on Programming Languages and Systems (TOPLAS)},
  volume={29},
  number={1},
  pages={1},
  year={2007},
  publisher={ACM}
}

@article{vytiniotis2011outsidein,
  title={OutsideIn (X) Modular type inference with local assumptions},
  author={Vytiniotis, Dimitrios and Jones, Simon Peyton and Schrijvers, Tom and Sulzmann, Martin},
  journal={Journal of functional programming},
  volume={21},
  number={4-5},
  pages={333--412},
  year={2011},
  publisher={Cambridge University Press}
}

@inproceedings{mandelbaum2009gadts,
  title={GADTs for the OCaml masses},
  author={Mandelbaum, Yitzhak and Stump, Aaron},
  booktitle={Workshop on ML},
  year={2009}
}

@inproceedings{garrigue2011adding,
  title={Adding GADTs to OCaml: the direct approach},
  author={Garrigue, Jacques and Normand, JL},
  booktitle={Workshop on ML},
  year={2011}
}

@article{karachalias2015gadts,
  title={GADTs meet their match: pattern-matching warnings that account for GADTs, guards, and laziness},
  author={Karachalias, Georgios and Schrijvers, Tom and Vytiniotis, Dimitrios and Peyton Jones, Simon},
  journal={ACM SIGPLAN Notices},
  volume=50,
  number=9,
  pages={424--436},
  year=2015,
  publisher={ACM Press}
}

@article{carette2009finally,
  title={Finally tagless, partially evaluated: Tagless staged interpreters for simpler typed languages},
  author={Carette, Jacques and Kiselyov, Oleg and Shan, Chung-chieh},
  journal={Journal of Functional Programming},
  volume=19,
  number=5,
  pages={509--543},
  year=2009,
  publisher={Cambridge University Press}
}

@article{10.2307/2323313,
 ISSN = {00029890, 19300972},
 URL = {http://www.jstor.org/stable/2323313},
 author = {Dan Scott, Donald R. Peeples},
 journal = {The American Mathematical Monthly},
 number = 7,
 pages = {651-653},
 publisher = {Mathematical Association of America},
 title = {A Constructive Proof of the Partial Fraction Decomposition},
 volume = 95,
 year = 1988
}

@Article{DBLP:journals/eatcs/LamportHS18,
  author       = {Leslie Lamport},
  title        = {If You're Not Writing a Program, Don't Use a Programming
                  Language},
  year         = 2018,
  volume       = 125,
  url          = {http://eatcs.org/beatcs/index.php/beatcs/article/view/539},
  journal      = {Bulletin of the {EATCS}},
  timestamp    = {Thu, 25 Oct 2018 16:35:56 +0200},
  biburl       = {https://dblp.org/rec/bib/journals/eatcs/LamportHS18},
  bibsource    = {dblp computer science bibliography, https://dblp.org}
}

@article{S19-dijks-monads-for-all,
  author       = {Kenji Maillard AND Danel Ahman AND Robert Atkey AND Guido Martinez AND Catalin Hritcu AND Exequiel Rivas AND Éric Tanter},
  title        = {{Dijkstra Monads for All}},
  year         = 2019,
  archiveprefix= {arXiv},
  eprint       = {1903.01237v4},
  primaryclass = {cs.PL}
}

@Article{toychain-cpp18,
  author =       {Pîrlea, George and Sergey, Ilya},
  title =        {Mechanising Blockchain Consensus},
  journal =      {Proceedings of the 7th ACM SIGPLAN International Conference on
                  Certified Programs and Proofs - CPP 2018},
  year =         2018,
  doi =          {10.1145/3167086},
  url =          {http://dx.doi.org/10.1145/3167086},
  isbn =         9781450355865,
  publisher =    {ACM Press}
}

@incollection{S98-changing,
  title={Changing focus on interoperability in information systems: from system, syntax, structure to semantics},
  author={Sheth, Amit P},
  booktitle={Interoperating geographic information systems},
  pages={5--29},
  year={1999},
  publisher={Springer},
  keywords={semantics,overview}
}

@article{typecoin-2015,
  author       = {Crary, Karl and Sullivan, Michael J.},
  title        = {Peer-to-peer affine commitment using bitcoin},
  year         = 2015,
  volume       = 50,
  number       = 6,
  month        = {Jun},
  pages        = {479–488},
  issn         = {0362-1340},
  doi          = {10.1145/2813885.2737997},
  url          = {http://dx.doi.org/10.1145/2813885.2737997},
  journal      = {ACM SIGPLAN Notices},
  publisher    = {Association for Computing Machinery (ACM)}
}

@article{harel2004meaningful,
  title={Meaningful modeling: what's the semantics of" semantics"?},
  author={Harel, David and Rumpe, Bernhard},
  journal={Computer},
  volume={37},
  number={10},
  pages={64--72},
  year={2004},
  publisher={IEEE}
}

@inproceedings{schneider2001language,
  title={A language-based approach to security},
  author={Schneider, Fred B and Morrisett, Greg and Harper, Robert},
  booktitle={Informatics},
  pages={86--101},
  year={2001},
  organization={Springer},
  keywords={semantics,functional programming}
}

@inproceedings{coblenz2017obsidian,
  title={Obsidian: a safer blockchain programming language},
  author={Coblenz, Michael},
  booktitle={Proceedings of the 39th International Conference on Software Engineering Companion},
  pages={97--99},
  year={2017},
  organization={IEEE Press}
}

@inproceedings{barnaby2017user,
  title={A user study to inform the design of the obsidian blockchain dsl},
  author={Barnaby, Celeste and Coblenz, Michael and Etzel, Tyler and Kanal, Eliezer and Sunshine, Joshua and Myers, Brad and Aldrich, Jonathan},
  booktitle={PLATEAU’17 Workshop on Evaluation and Usability of Programming Languages and Tools},
  year={2017}
}

@article{newcombe2015amazon,
  title={How Amazon web services uses formal methods},
  author={Newcombe, Chris and Rath, Tim and Zhang, Fan and Munteanu, Bogdan and Brooker, Marc and Deardeuff, Michael},
  journal={Communications of the ACM},
  volume={58},
  number={4},
  pages={66--73},
  year={2015},
  publisher={ACM},
  keywords={formal proofs}
}

@misc{gopinathan2019towards,
  title={Towards Mechanising Probabilistic Properties of a Blockchain},
  author={Gopinathan, Kiran and Sergey, Ilya},
  year={2019},
  publisher={CoqPL}
}

@misc{brun2019generic,
  title={Generic authenticated data structures, formally},
  author={Brun, Matthias and Traytel, Dmitriy},
  year={2019}
}

@inproceedings{o2017simplicity,
  title={Simplicity: A new language for blockchains},
  author={O'Connor, Russell},
  booktitle={Proceedings of the 2017 Workshop on Programming Languages and Analysis for Security},
  pages={107--120},
  year={2017},
  organization={ACM}
}

@Article{enterpriseblockchains,
  author =       {邵奇峰 and 张召 and 朱燕超 and 周傲英},
  title =        {企业级区块链技术综述},
  journal =      {软件学报},
  year =         {2018},
  volume =    {30},
  pages =     {2571-2592},
  month =     {9}
}

@Article{dianziblockchains,
  author =       { 袁勇 and 王飞跃},
  title =        {区块链技术发展现状与展望},
  journal =      {自动化学报},
  year =         {2016},
  volume =    {70},
  month =     {04}
}


@book{narayanan2016bitcoin,
  title={Bitcoin and cryptocurrency technologies: a comprehensive introduction},
  author={Narayanan, Arvind and Bonneau, Joseph and Felten, Edward and Miller, Andrew and Goldfeder, Steven},
  year={2016},
  publisher={Princeton University Press}
}

@Article{lamport1982byzantine,
  title={The Byzantine generals problem},
  author={Lamport, Leslie and Shostak, Robert and Pease, Marshall},
  journal={ACM Transactions on Programming Languages and Systems (TOPLAS)},
  volume={4},
  number={3},
  pages={382--401},
  year={1982},
  publisher={ACM}
}

@TechReport{schwartz2014ripple,
  title={The Ripple protocol consensus algorithm},
  author={Schwartz, David and Youngs, Noah and Britto, Arthur and others},
  journal={Ripple Labs Inc White Paper},
  institution = {Ripple Labs Inc},
  month ={5},
  year={2014}
}

@Article{bonneau2015sok,
    keywords={general},
    title={Sok: Research perspectives and challenges for bitcoin and cryptocurrencies},
    author={Bonneau, Joseph and Miller, Andrew and Clark, Jeremy and Narayanan, Arvind and Kroll, Joshua A and Felten, Edward W},
    booktitle={Security and Privacy (SP), 2015 IEEE Symposium on},
    pages={104--121},
    year={2015},
    organization={IEEE}
}

@unpublished{king2012ppcoin,
  title={Ppcoin: Peer-to-peer crypto-currency with proof-of-stake},
  author={King, Sunny and Nadal, Scott},
  journal={self-published paper, August},
  volume={19},
  year={2012}
}

@InProceedings{li2017securing,
  title={Securing proof-of-stake blockchain protocols},
  author={Li, Wenting and Andreina, S{\'e}bastien and Bohli, Jens-Matthias and Karame, Ghassan},
  booktitle={Data Privacy Management, Cryptocurrencies and Blockchain Technology},
  pages={297--315},
  year={2017},
  publisher={Springer}
}

@Article{castro2002practical,
  title={Practical Byzantine fault tolerance and proactive recovery},
  author={Castro, Miguel and Liskov, Barbara},
  journal={ACM Transactions on Computer Systems (TOCS)},
  volume={20},
  number={4},
  pages={398--461},
  year={2002},
  publisher={ACM}
}

@article{herrera2014review,
  title={A review of soft consensus models in a fuzzy environment},
  author={Herrera-Viedma, Enrique and Cabrerizo, Francisco Javier and Kacprzyk, Janusz and Pedrycz, Witold},
  journal={Information Fusion},
  volume={17},
  pages={4--13},
  year={2014},
  number={5},
  publisher={Elsevier}
}

@Inproceedings{sousa2018byzantine,
  title={A byzantine fault-tolerant ordering service for the hyperledger fabric blockchain platform},
  author={Sousa, Joao and Bessani, Alysson and Vukolic, Marko},
  booktitle={2018 48th annual IEEE/IFIP international conference on dependable systems and networks (DSN)},
  pages={51--58},
  year={2018},
  organization={IEEE}
}

@article{moreno2016listening,
  title={Listening to whispers of ripple: Linking wallets and deanonymizing transactions in the ripple network},
  author={Moreno-Sanchez, Pedro and Zafar, Muhammad Bilal and Kate, Aniket},
  journal={Proceedings on Privacy Enhancing Technologies},
  volume={2016},
  number={4},
  pages={436--453},
  year={2016},
  publisher={De Gruyter Open}
}

@Article{schneider1990implementing,
  title={Implementing fault-tolerant services using the state machine approach: A tutorial},
  author={Schneider, Fred B},
  journal={ACM Computing Surveys (CSUR)},
  volume={22},
  number={4},
  pages={299--319},
  year={1990},
  publisher={ACM}
}


@Inproceedings{rahli2018velisarios,
  title={Velisarios: Byzantine Fault-Tolerant Protocols Powered by Coq},
  author={Rahli, Vincent and Vukotic, Ivana and V{\"o}lp, Marcus and Esteves-Verissimo, Paulo},
  booktitle={European Symposium on Programming},
  pages={619--650},
  year={2018},
  organization={Springer}
}


@Article{schneider1984byzantine,
  title={Byzantine generals in action: Implementing fail-stop processors},
  author={Schneider, Fred B},
  journal={ACM Transactions on Computer Systems (TOCS)},
  volume={2},
  number={2},
  pages={145--154},
  year={1984},
  publisher={ACM}
}

% 替代下面的参考文献
@article{mittal2019blockchain,
  title={Blockchain Technology: A Compendious Overview},
  author={Mittal, Anand and Goel, Shivam and Mittal, Arjun},
  journal={International Journal of Innovative Knowledge Concepts},
  volume={7},
  number={4},
  pages={260--266},
  year={2019}
}

% 容易重复
@Inproceedings{zheng2017overview,
  title={An overview of blockchain technology: Architecture, consensus, and future trends},
  author={Zheng, Zibin and Xie, Shaoan and Dai, Hongning and Chen, Xiangping and Wang, Huaimin},
  booktitle={2017 IEEE International Congress on Big Data (BigData Congress)},
  pages={557--564},
  year={2017},
  organization={IEEE}
}

@inproceedings{vujivcic2018blockchain,
  title={Blockchain technology, bitcoin, and Ethereum: A brief overview},
  author={Vuji{\v{c}}i{\'c}, Dejan and Jagodi{\'c}, Dijana and Ran{\dj}i{\'c}, Sini{\v{s}}a},
  booktitle={2018 17th International Symposium INFOTEH-JAHORINA (INFOTEH)},
  pages={1--6},
  year={2018},
  organization={IEEE}
}

@Article{gramoli2017blockchain,
  title={From blockchain consensus back to byzantine consensus},
  author={Gramoli, Vincent},
  journal={Future Generation Computer Systems},
  year={2017},
  volume = {45},
  pages = {25--33},
  number = {8},
  month = sep,
  publisher={Elsevier}
}

@inproceedings{han2018evaluating,
  title={Evaluating blockchains for iot},
  author={Han, Runchao and Gramoli, Vincent and Xu, Xiwei},
  booktitle={2018 9th IFIP International Conference on New Technologies, Mobility and Security (NTMS)},
  pages={1--5},
  year={2018},
  organization={IEEE}
}

% 用以替换下面文献
@article{puthal2018everything,
  title={Everything you wanted to know about the blockchain: Its promise, components, processes, and problems},
  author={Puthal, Deepak and Malik, Nisha and Mohanty, Saraju P and Kougianos, Elias and Das, Gautam},
  journal={IEEE Consumer Electronics Magazine},
  volume={7},
  number={4},
  pages={6--14},
  year={2018},
  publisher={IEEE}
}

% 容易重复
@article{dinh2018untangling,
  title={Untangling blockchain: A data processing view of blockchain systems},
  author={Dinh, Tien Tuan Anh and Liu, Rui and Zhang, Meihui and Chen, Gang and Ooi, Beng Chin and Wang, Ji},
  journal={IEEE Transactions on Knowledge and Data Engineering},
  volume={30},
  number={7},
  pages={1366--1385},
  year={2018},
  publisher={IEEE}
}

@inproceedings{saito2016s,
  title={What’s so different about blockchain?—Blockchain is a probabilistic state machine},
  author={Saito, Kenji and Yamada, Hiroyuki},
  booktitle={2016 IEEE 36th International Conference on Distributed Computing
                  Systems Workshops (ICDCSW)},
  pages={168--175},
  year={2016},
  organization={IEEE}
}

@article{pilkington201611,
  title={Blockchain technology: principles and applications},
  author={Pilkington, Marc},
  journal={Research handbook on digital transformations},
  pages={225--253},
  year={2016},
  volume = {2016},
  number = {11},
  publisher={Edward Elgar Publishing Cheltenham, UK}
}

@inproceedings{tasatanattakool2018blockchain,
  title={Blockchain: Challenges and applications},
  author={Tasatanattakool, Pinyaphat and Techapanupreeda, Chian},
  booktitle={2018 International Conference on Information Networking (ICOIN)},
  pages={473--475},
  year={2018},
  organization={IEEE}
}

@inproceedings{wust2018you,
  title={Do you need a Blockchain?},
  author={W{\"u}st, Karl and Gervais, Arthur},
  booktitle={2018 Crypto Valley Conference on Blockchain Technology (CVCBT)},
  pages={45--54},
  year={2018},
  organization={IEEE}
}

@article{christidis2016blockchains,
  title={Blockchains and smart contracts for the internet of things},
  author={Christidis, Konstantinos and Devetsikiotis, Michael},
  journal={Ieee Access},
  volume={4},
  pages={2292--2303},
  year={2016},
  publisher={Ieee}
}

@Article{xxgcfjl,
  title =        {一种基于调节因子的动态自组织映射网络流量分类方法},
  author =       {费金龙 and 祝凯捷 and 李娟},
  journal =      {信息工程大学学报},
  year =         {2016},
  volume =       {36},
  number=        {2},
  pages=         {206--211}
}

@article{bag2016bitcoin,
  title={Bitcoin block withholding attack: Analysis and mitigation},
  author={Bag, Samiran and Ruj, Sushmita and Sakurai, Kouichi},
  journal={IEEE Transactions on Information Forensics and Security},
  volume={12},
  number={8},
  pages={1967--1978},
  year={2016},
  publisher={IEEE}
}

@Article{Yallop_2019_report,
  author       = {Yallop, Jeremy and White, Leo},
  title        = {Lambda: the ultimate sublanguage (experience report)},
  year         = 2019,
  volume       = 3,
  number       = {ICFP},
  month        = {Jul},
  pages        = {1–17},
  issn         = {2475-1421},
  doi          = {10.1145/3342713},
  url          = {http://dx.doi.org/10.1145/3342713},
  journal      = {Proceedings of the ACM on Programming Languages},
  publisher    = {Association for Computing Machinery (ACM)}
}

@article{brusilovsky94_teach_progr_to_novic,
  author =       {Brusilovsky, P and others},
  title =        {Teaching Programming To Novices: a Review of Approaches and
                  Tools.},
  year =         {1994},
  DATE_ADDED =   {Fri Oct 4 20:50:41 2019},
  publisher =    {ERIC},
}

@MastersThesis{Peters2000,
  doi = {10.15760/etd.914},
  url = {https://doi.org/10.15760/etd.914},
  year = {2000},
  month = jan,
  publisher = {Portland State University Library},
  author = {Arthur Peters},
  title = {The Basic Scheme for the Evaluation of Functional Logic
                  Programs},
  school = {Portland State University}
}

@article{felleisen1992revised,
  title={The revised report on the syntactic theories of sequential control and state},
  author={Felleisen, Matthias and Hieb, Robert},
  journal={Theoretical computer science},
  volume={103},
  number={2},
  pages={235--271},
  year={1992},
  publisher={Elsevier}
}

@article{takahashi1995parallel,
  title={Parallel reductions in $\lambda$-calculus},
  author={Takahashi, Masako},
  journal={Information and computation},
  volume={118},
  number={1},
  pages={120--127},
  year={1995},
  publisher={Academic Press}
}

@Misc{miquel_sl1,
  author =    {Alexandre Miquel},
  Institution=   {Types Summer School 2005},
  title =     {System F},
  howpublished = {G\"{o}teborg},
  month =     {8},
  year =      {2005}
}

@Misc{cs152-lec10,
  author =    {Dan Grossman},
  Institution=   {},
  title =     {Lecture 10 — Type-Safety Proof},
  howpublished = {},
  month =     {10},
  year =      {2011}
}

@Misc{typetheory-lec-2015,
  author =    {John Altidor},
  Institution=   {},
  title =     {A Tutorial on Type Theory, Foundations of Programming Languages, and Formal Verification},
  month =     {},
  year =      {2015}
}

@inproceedings{papamanthou2011optimal,
  title={Optimal verification of operations on dynamic sets},
  author={Papamanthou, Charalampos and Tamassia, Roberto and Triandopoulos, Nikos},
  booktitle={Annual Cryptology Conference},
  pages={91--110},
  year={2011},
  organization={Springer}
}

@inproceedings{goodrich2001,
  title={Implementation of an authenticated dictionary with skip lists and commutative hashing},
  author={Goodrich, Michael T and Tamassia, Roberto and Schwerin, Andrew},
  booktitle={Proceedings DARPA Information Survivability Conference and Exposition II. DISCEX'01},
  volume={2},
  pages={68--82},
  year={2001},
  organization={IEEE}
}

@article{mykletun2006authentication,
  title={Authentication and integrity in outsourced databases},
  author={Mykletun, Einar and Narasimha, Maithili and Tsudik, Gene},
  journal={ACM Transactions on Storage (TOS)},
  volume={2},
  number={2},
  pages={107--138},
  year={2006},
  publisher={ACM}
}

@online{ppx-tuto,
  author =    {Victor Darvariu},
  title =     {A Tutorial to OCaml -ppx Language Extensions},
  month =     {8},
  year =      {2018},
  url = {https://victor.darvariu.me/jekyll/update/2018/06/19/ppx-tutorial.html}
}

@online{ppx-code,
  author =    {Shayne Fletcher},
  title =     {Preprocessor extensions for code generation},
  month =     {4},
  year =      {2017},
  url = {http://blog.shaynefletcher.org/2017/05/preprocessor-extensions-for-code.html}
}

@online{ppx-guide,
  author =    {whitequark},
  title =     {A Guide to Extension Points in OCaml},
  month =     {4},
  year =      {2014},
  url = {https://whitequark.org/blog/2014/04/16/a-guide-to-extension-points-in-ocaml}
}

@inproceedings{danvy2001defunctionalization,
  title={Defunctionalization at work},
  author={Danvy, Olivier and Nielsen, Lasse R},
  booktitle={Proceedings of the 3rd ACM SIGPLAN international conference on Principles and practice of declarative programming},
  pages={162--174},
  year={2001},
  organization={ACM}
}

@inproceedings{reynolds1972definitional,
  title={Definitional interpreters for higher-order programming languages},
  author={Reynolds, John C},
  booktitle={Proceedings of the ACM annual conference-Volume 2},
  pages={717--740},
  year={1972},
  organization={ACM}
}

@book{appel2006compiling,
  title={Compiling with continuations},
  author={Appel, Andrew W},
  year={2006},
  publisher={Cambridge University Press}
}

@inproceedings{yallop2014lightweight,
  title={Lightweight higher-kinded polymorphism},
  author={Yallop, Jeremy and White, Leo},
  booktitle={International Symposium on Functional and Logic Programming},
  pages={119--135},
  year={2014},
  organization={Springer}
}

@incollection{della2004parametric,
  title={The Parametric $\lambda$-Calculus},
  author={Della Rocca, Simona Ronchi and Paolini, Luca},
  booktitle={The Parametric Lambda Calculus},
  pages={3--23},
  year={2004},
  publisher={Springer}
}
% 下面引用容易重复
@article{plotkin1975call,
  title={Call-by-name, call-by-value and the $\lambda$-calculus},
  author={Plotkin, Gordon D.},
  journal={Theoretical computer science},
  volume={1},
  number={2},
  pages={125--159},
  year={1975},
  publisher={Elsevier}
}

@article{eilenberg1945general,
  title={General theory of natural equivalences},
  author={Eilenberg, Samuel and MacLane, Saunders},
  journal={Transactions of the American Mathematical Society},
  volume={58},
  number={2},
  pages={231--294},
  year={1945},
  publisher={American Mathematical Society}
}

@article{scott1980relating,
  title={Relating theories of the lambda calculus},
  author={Scott, Dana S},
  journal={To HB Curry: Essays on combinatory logic, lambda calculus and formalism},
  pages={403--450},
  year={1980}
}

@book{mac2013categories,
  title={Categories for the working mathematician},
  author={Mac Lane, Saunders},
  volume={5},
  year={1971},
  publisher={Springer Science \& Business Media}
}

@article{milner1978theory,
  title={A theory of type polymorphism in programming},
  author={Milner, Robin},
  journal={Journal of computer and system sciences},
  volume={17},
  number={3},
  pages={348--375},
  year={1978},
  publisher={Elsevier}
}

@article{harper1999proof,
  title={Proof-directed debugging},
  author={Harper, Robert},
  journal={Journal of functional programming},
  volume={9},
  number={4},
  pages={463--469},
  year={1999},
  publisher={Cambridge University Press}
}

@inproceedings{dennis2006proof,
  title={Proof-directed debugging and repair},
  author={Dennis, Louise A and Monroy, Raul and Nogueira, Pablo},
  booktitle={Seventh Symposium on Trends in Functional Programming},
  volume={2006},
  pages={131--140},
  year={2006},
  organization={Citeseer}
}

@inproceedings{Daniel-Lok-Capstone,
  title={Modelling and Testing Composite Byzantine Fault Tolerant},
  author={Daniel Lok},
  pages={57},
  year={2017},
  organization={Yale}
}

@Article{van_Steen_2016,
  author       = {van Steen, Maarten and Tanenbaum, Andrew S.},
  title        = {A brief introduction to distributed systems},
  year         = 2016,
  volume       = 98,
  number       = 10,
  month        = {Aug},
  pages        = {967–1009},
  issn         = {1436-5057},
  doi          = {10.1007/s00607-016-0508-7},
  url          = {http://dx.doi.org/10.1007/s00607-016-0508-7},
  journal      = {Computing},
  publisher    = {Springer Science and Business Media LLC}
}

@Article{Sergey_2017,
  author       = {Sergey, Ilya and Wilcox, James R. and Tatlock, Zachary},
  title        = {Programming and proving with distributed protocols},
  year         = 2017,
  volume       = 2,
  number       = {POPL},
  month        = {Dec},
  pages        = {1–30},
  issn         = {2475-1421},
  doi          = {10.1145/3158116},
  url          = {http://dx.doi.org/10.1145/3158116},
  journal      = {Proceedings of the ACM on Programming Languages},
  publisher    = {Association for Computing Machinery (ACM)}
}

@Article{Desai_2013,
  author       = {Desai, Ankush and Gupta, Vivek and Jackson, Ethan and Qadeer,
                  Shaz and Rajamani, Sriram and Zufferey, Damien},
  title        = {P},
  year         = 2013,
  volume       = 48,
  number       = 6,
  month        = {Jun},
  pages        = 321,
  issn         = {0362-1340},
  doi          = {10.1145/2499370.2462184},
  url          = {http://dx.doi.org/10.1145/2499370.2462184},
  journal      = {ACM SIGPLAN Notices},
  publisher    = {Association for Computing Machinery (ACM)}
}

@article{desai2018compositional,
  title={Compositional programming and testing of dynamic distributed systems},
  author={Desai, Ankush and Phanishayee, Amar and Qadeer, Shaz and Seshia, Sanjit A},
  journal={Proceedings of the ACM on Programming Languages},
  volume={2},
  number={OOPSLA},
  pages={159},
  year={2018},
  publisher={ACM}
}
 
@article{newcombe2014use,
  title={Use of formal methods at Amazon Web Services},
  author={Newcombe, Chris and Rath, Tim and Zhang, Fan and Munteanu, Bogdan and Brooker, Marc and Deardeuff, Michael},
  journal={See http://research. microsoft. com/en-us/um/people/lamport/tla/formal-methods-amazon. pdf},
  year={2014}
}

@Online{al-bassam17-chainspace,
  author       = {Mustafa Al-Bassam AND Alberto Sonnino AND Shehar Bano AND Dave
                  Hrycyszyn AND George Danezis},
  title        = {Chainspace: A Sharded Smart Contracts Platform},
  year         = 2017,
  archiveprefix= {arXiv},
  eprint       = {1708.03778v1},
  primaryclass = {cs.CR}
}

@inproceedings{ongaro2014search,
  title={In search of an understandable consensus algorithm},
  author={Ongaro, Diego and Ousterhout, John},
  booktitle={2014 $\{$USENIX$\}$ Annual Technical Conference ($\{$USENIX$\}$$\{$ATC$\}$ 14)},
  pages={305--319},
  year={2014}
}

@article{lamport1978implementation,
  title={The implementation of reliable distributed multiprocess systems},
  author={Lamport, Leslie},
  journal={Computer Networks (1976)},
  volume={2},
  number={2},
  pages={95--114},
  year={1978},
  publisher={Elsevier}
}

@article{charron2009heard,
  title={The heard-of model: computing in distributed systems with benign faults},
  author={Charron-Bost, Bernadette and Schiper, Andr{\'e}},
  journal={Distributed Computing},
  volume={22},
  number={1},
  pages={49--71},
  year={2009},
  publisher={Springer}
}


@inproceedings{Xu-vChain2019,
 author = {Xu, Cheng and Zhang, Ce and Xu, Jianliang},
 title = {vChain: Enabling Verifiable Boolean Range Queries over Blockchain Databases},
 booktitle = {Proceedings of the 2019 International Conference on Management of Data},
 series = {SIGMOD '19},
 year = {2019},
 isbn = {978-1-4503-5643-5},
 location = {Amsterdam, Netherlands},
 pages = {141--158},
 numpages = {18},
 url = {http://doi.acm.org/10.1145/3299869.3300083},
 doi = {10.1145/3299869.3300083},
 acmid = {3300083},
 publisher = {ACM},
 address = {New York, NY, USA},
 keywords = {blockchain, data integrity, query processing},
} 

@book{reynolds2009theories,
  title={Theories of programming languages},
  author={Reynolds, John C},
  year={2009},
  publisher={Cambridge University Press}
}

@article{landin1965correspondence,
  title={Correspondence between ALGOL 60 and Church's Lambda-notation: part I},
  author={Landin, Peter J},
  journal={Communications of the ACM},
  volume={8},
  number={2},
  pages={89--101},
  year={1965},
  publisher={ACM}
}

@book{wexelblat2014history,
  title={History of programming languages},
  author={Wexelblat, Richard L},
  year={2014},
  publisher={Academic Press}
}

@article{mccarthy1978history,
  title={History of LISP},
  author={McCarthy, John},
  journal={ACM Sigplan Notices},
  volume={13},
  number={8},
  pages={217--223},
  year={1978},
  publisher={ACM}
}

@Misc{constructivemath-lec-2015,
  author =    {Frank Pfenning},
  Institution=   {CMU University},
  title =     {15317 Constructive Logic lecture},
  month =     {9},
  year =      {2015}
}

@Misc{cs3110-cornell,
  author =    { Robert L. Constable and Nate Foster and Michael D. George },
  Institution=   {Cornell University},
  title =     {Functional Programming Language in OCaml},
  month =     {9},
  year =      {2018}
}

@Article{lambdaSKI,
  author =       {Oleg Kiselyov},
  title =        {$\lambda$ to SKI, Semantically},
  journal =      {PLDI},
  year =         {2018}
}


@article{nebuladoc,
    keywords={general},
    title={Blockchain-enabled genomic data sharing and analysis platform},
    author={Dennis Grishin and Kamal Obbad and Preston Estep and Mirza Cifric and Yining Zhao and George Church},
    year={2018},
    journal =      {PLDI},
    pages={1--28}
}

@book{gentry2009fully,
  title={A fully homomorphic encryption scheme},
  author={Gentry, Craig},
  year={2009},
  publisher={Stanford University}
}

@incollection{chaum2003untraceable,
  title={Untraceable electronic mail, return addresses and digital pseudonyms},
  author={Chaum, David},
  booktitle={Secure electronic voting},
  pages={211--219},
  year={2003},
  publisher={Springer}
}

@inproceedings{brunnler2018logic,
  title={A logic of blockchain updates},
  author={Br{\"u}nnler, Kai and Flumini, Dandolo and Studer, Thomas},
  booktitle={International Symposium on Logical Foundations of Computer Science},
  pages={107--119},
  year={2018},
  organization={Springer}
}

@article{meredith2015linear,
  title={Linear types can change the blockchain},
  author={Meredith, Lucius Gregory},
  journal={arXiv preprint arXiv:1506.01001},
  year={2015}
}

@article{girard1987linear,
  title={Linear logic},
  author={Girard, Jean-Yves},
  journal={Theoretical computer science},
  volume={50},
  number={1},
  pages={1--101},
  year={1987},
  publisher={Elsevier}
}

@article{baird2018hedera,
  title={Hedera: A Public Hashgraph Network \& Governing Council},
  author={Baird, Leemon and Harmon, Mance and Madsen, Paul},
  year={2018}
}


@inproceedings{canou2017tezos,
  title={Tezos: the OCaml Crypto-Ledger},
  author={Canou, Benjamin and Henry, Gr{\'e}goire and Chambart, Pierre and Le Fessant, Fabrice and Bozman, Cagdas and Bernardoff, Vincent and Rieu, Guillem and Iguernelala, Mohamed and Mebsout, Alain and Breitman, Arthur},
  journal =  {PLDI},
  year={2017}
}

@article{goodman2014tezos,
  title={Tezos—a self-amending crypto-ledger White paper},
  author={Goodman, LM},
  journal={URL: https://www. tezos. com/static/papers/white\_paper. pdf},
  year={2014}
}

@article{brandenburger2018blockchain,
  title={Blockchain and trusted computing: Problems, pitfalls, and a solution for hyperledger fabric},
  author={Brandenburger, Marcus and Cachin, Christian and Kapitza, R{\"u}diger and Sorniotti, Alessandro},
  journal={arXiv preprint arXiv:1805.08541},
  year={2018}
}

@online{softwarepaper1,
  author =    {斯雪明 and  陈文光},
  title =     {区块链与数字货币技术专题},
  month =     {4},
  year =      {2019},
  url = {http://www.jos.org.cn/jos/ch/reader/view_news.aspx?id=20190329124633001}
}

@online{softwarepaper2,
  author =    {于戈 and  牛保宁 and  金澈清},
  title =     {区块链数据管理专题},
  month =     {3},
  year =      {2019},
  url = {http://www.jos.org.cn/jos/ch/reader/view_news.aspx?id=20190329124633001}
}

% 替代下面的
@misc{karame2018method,
  title={Method and system for byzantine fault-tolerance replicating of data on a plurality of servers},
  author={Karame, Ghassan and Li, Wenting and Liu, Jian and Asokan, Nadarajah and Paverd, Andrew},
  year={2018},
  month=jun # "~7",
  publisher={Google Patents},
  note={US Patent App. 15/575,398}
}
%经常重复的
@techreport{fischer1982impossibility,
  title={Impossibility of distributed consensus with one faulty process.},
  author={Fischer, Michael J and Lynch, Nancy A and Paterson, Michael S},
  year={1982},
  institution={Massachusetts Inst of Tech Cambridge lab for Computer Science}
}

% 替换下面的
@inproceedings{li2016just,
  title={Just Say $\{$NO$\}$ to Paxos Overhead: Replacing Consensus with Network Ordering},
  author={Li, Jialin and Michael, Ellis and Sharma, Naveen Kr and Szekeres, Adriana and Ports, Dan RK},
  booktitle={12th $\{$USENIX$\}$ Symposium on Operating Systems Design and Implementation ($\{$OSDI$\}$ 16)},
  pages={467--483},
  year={2016}
}
% 经常重复
@article{lamport2001paxos,
  title={Paxos made simple},
  author={Lamport, Leslie and others},
  journal={ACM Sigact News},
  volume={32},
  number={4},
  pages={18--25},
  year={2001}
}

@article{wilcox2015verdi,
  title={Verdi: a framework for implementing and formally verifying distributed systems},
  author={Wilcox, James R and Woos, Doug and Panchekha, Pavel and Tatlock, Zachary and Wang, Xi and Ernst, Michael D and Anderson, Thomas},
  journal={ACM SIGPLAN Notices},
  volume={50},
  number={6},
  pages={357--368},
  year={2015},
  publisher={ACM}
}

@article{rahli2015formal,
  title={Formal specification, verification, and implementation of fault-tolerant systems using EventML},
  author={Rahli, Vincent and Guaspari, David and Bickford, Mark and Constable, Robert L},
  journal={Electronic Communications of the EASST},
  volume={72},
  year={2015}
}

@article{holzmann1997model,
  title={The model checker SPIN},
  author={Holzmann, Gerard J.},
  journal={IEEE Transactions on software engineering},
  volume={23},
  number={5},
  pages={279--295},
  year={1997},
  publisher={IEEE}
}

@inproceedings{desai2013p,
  title={P: safe asynchronous event-driven programming},
  author={Desai, Ankush and Gupta, Vivek and Jackson, Ethan and Qadeer, Shaz and Rajamani, Sriram and Zufferey, Damien},
  booktitle={ACM SIGPLAN Notices},
  volume={48},
  number={6},
  pages={321--332},
  year={2013},
  organization={ACM}
}

@online{qchecklecture,
   title={Functional Programming and Property-Based Testing},
   author={Jan Midtgaard},
   year={2019},
   institution={University of Denmark},
   url={http://janmidtgaard.dk/quickcheck/}
}

@inproceedings{kiselyov2014design,
  title={The design and implementation of BER MetaOCaml},
  author={Kiselyov, Oleg},
  booktitle={International Symposium on Functional and Logic Programming},
  pages={86--102},
  year={2014},
  organization={Springer}
}

@online{eason2018railway,
   title={Railway Oriented Programming},
   author={Scott Wlaschin},
   month={3},
   year={2014},
   institution={FSharp for Fund Profit},
   url={https://fsharpforfunandprofit.com/rop/}
}

@article{iansiti2017truth,
  title={The truth about blockchain},
  author={Iansiti, Marco and Lakhani, Karim R},
  journal={Harvard Business Review},
  volume={95},
  number={1},
  pages={118--127},
  year={2017}
}

@article{back2002hashcash,
  title={Hashcash-A Denial of Service Counter-Measure},
  author={Back, Adam},
  year={2002}
}

@inproceedings{haber1990time,
  title={How to time-stamp a digital document},
  author={Haber, Stuart and Stornetta, W Scott},
  booktitle={Conference on the Theory and Application of Cryptography},
  pages={437--455},
  year={1990},
  organization={Springer}
}
 
@inproceedings{chaum1984blind,
  title={Blind signature system},
  author={Chaum, David},
  booktitle={Advances in cryptology},
  pages={153--153},
  year={1984},
  organization={Springer}
}

@article{friis2003digicash,
  title={Digicash implementation},
  author={Friis, Jens Bo},
  journal={University of Aarhus},
  year={2003}
}

@book{guttmann2002cybercash,
  title={Cybercash: the coming era of electronic money},
  author={Guttmann, Robert},
  year={2002},
  publisher={Springer}
}

@article{dai1998b,
  title={b-money, 1998},
  author={Dai, Wei},
  journal={URL http://www.weidai.com/bmoney.txt},
  year={1998}
}

@inproceedings{watkins2003concurrent,
  title={A concurrent logical framework: The propositional fragment},
  author={Watkins, Kevin and Cervesato, Iliano and Pfenning, Frank and Walker, David},
  booktitle={International Workshop on Types for Proofs and Programs},
  pages={355--377},
  year={2003},
  organization={Springer}
}

@inproceedings{samaniego2016using,
  title={Using blockchain to push software-defined IoT components onto edge hosts},
  author={Samaniego, Mayra and Deters, Ralph},
  booktitle={Proceedings of the International Conference on Big Data and Advanced Wireless Technologies},
  pages={58},
  year={2016},
  organization={ACM}
}

@article{cook2017dappguard,
  title={Dappguard: Active monitoring and defense for solidity smart contracts},
  author={Cook, Thomas and Latham, Alex and Lee, Jae Hyung},
  journal={Retrieved July},
  volume={18},
  pages={2018},
  year={2017}
}

@misc{gongxinbu,
  title={中国区块链技术和应用发展白皮书 (2016)},
  author={工信部},
  journal={2018-02-20},
  year={2016}
}

@inproceedings{heilman2015eclipse,
  title={Eclipse attacks on bitcoin’s peer-to-peer network},
  author={Heilman, Ethan and Kendler, Alison and Zohar, Aviv and Goldberg, Sharon},
  booktitle={24th $\{$USENIX$\}$ Security Symposium ($\{$USENIX$\}$ Security 15)},
  pages={129--144},
  year={2015}
}

@incollection{bernstein2009introduction,
  title={Introduction to post-quantum cryptography},
  author={Bernstein, Daniel J},
  booktitle={Post-quantum cryptography},
  pages={1--14},
  year={2009},
  publisher={Springer}
}

@inproceedings{bessani2014state,
  title={State machine replication for the masses with BFT-SMaRt},
  author={Bessani, Alysson and Sousa, Jo{\~a}o and Alchieri, Eduardo EP},
  booktitle={2014 44th Annual IEEE/IFIP International Conference on Dependable Systems and Networks},
  pages={355--362},
  year={2014},
  organization={IEEE}
}

@article{kwon2014tendermint,
  title={Tendermint: Consensus without mining},
  author={Kwon, Jae},
  journal={Draft v. 0.6, fall},
  volume={1},
  pages={11},
  year={2014}
}

@inproceedings{gervais2016security,
  title={On the security and performance of proof of work blockchains},
  author={Gervais, Arthur and Karame, Ghassan O and W{\"u}st, Karl and Glykantzis, Vasileios and Ritzdorf, Hubert and Capkun, Srdjan},
  booktitle={Proceedings of the 2016 ACM SIGSAC conference on computer and communications security},
  pages={3--16},
  year={2016},
  organization={ACM}
}

@article{andrychowicz2014distributed,
  title={Distributed Cryptography Based on the Proofs of Work.},
  author={Andrychowicz, Marcin and Dziembowski, Stefan},
  journal={IACR Cryptology ePrint Archive},
  volume={2014},
  pages={796},
  year={2014}
}

@inproceedings{kosba2016hawk,
  title={Hawk: The blockchain model of cryptography and privacy-preserving smart contracts},
  author={Kosba, Ahmed and Miller, Andrew and Shi, Elaine and Wen, Zikai and Papamanthou, Charalampos},
  booktitle={2016 IEEE symposium on security and privacy (SP)},
  pages={839--858},
  year={2016},
  organization={IEEE}
}

@inproceedings{cachin2016architecture,
  title={Architecture of the hyperledger blockchain fabric},
  author={Cachin, Christian},
  booktitle={Workshop on distributed cryptocurrencies and consensus ledgers},
  volume={310},
  pages={4},
  year={2016}
}

@article{brown2016corda,
  title={Corda: an introduction},
  author={Brown, Richard Gendal and Carlyle, James and Grigg, Ian and Hearn, Mike},
  journal={R3 CEV, August},
  volume={1},
  pages={15},
  year={2016}
}

@article{baliga2018performance,
  title={Performance evaluation of the quorum blockchain platform},
  author={Baliga, Arati and Subhod, I and Kamat, Pandurang and Chatterjee, Siddhartha},
  journal={arXiv preprint arXiv:1809.03421},
  year={2018}
}

@article{zhinengheyue,
  title={面向合同的智能合约的形式化定义及参考实现},
  author={王璞巍 and 杨航天 and 孟佶 and 陈晋川 and 杜小勇},
  journal={软件学报},
  number={9},
  pages={4},
  year={2019}
}

@article{peterson1977petri,
  title={Petri nets},
  author={Peterson, James L},
  journal={ACM Computing Surveys (CSUR)},
  volume={9},
  number={3},
  pages={223--252},
  year={1977},
  publisher={ACM}
}

@inproceedings{remy2000using,
  title={Using, understanding, and unraveling the OCaml language from practice to theory and vice versa},
  author={R{\'e}my, Didier},
  booktitle={International Summer School on Applied Semantics},
  pages={413--536},
  year={2000},
  organization={Springer}
}