@book{expect,
    author={Don Libes},
    title={Exploring Expect},
    subtitle={A Tcl-based Toolkit for Automating Interactive Programs},
    year={2010},
    publisher={O'Reilly Media},
    pages={608}
}

@online{fontenc-vs-inputenc,
    author={none},
    title={fontenc vs inputenfontenc vs inputenc},
    url={https://tex.stackexchange.com/questions/44694/fontenc-vs-inputenc}
}

@online{verb_text,
    title={when should one use verb and when texttt},
    url={https://tex.stackexchange.com/questions/2790/when-should-one-use-verb-and-when-texttt}
}

@online{hbox,
    title={overfull hbox problem},
    url={https://tex.stackexchange.com/questions/10372/in-line-verb-overfull-hbox-problem/10373#10373}
}

@online{float_question,
    title={float question},
    url={https://tex.stackexchange.com/questions/39017/how-to-influence-the-position-of-float-environments-like-figure-and-table-in-lat/#39020}
}